% scibib.bib

@article{goldberg2014word2vec,
	title={word2vec Explained: deriving Mikolov et al.'s negative-sampling word-embedding method},
	author={Goldberg, Yoav and Levy, Omer},
	journal={arXiv preprint arXiv:1402.3722},
	year={2014}
}

@inproceedings{pennington2014glove,
	title={Glove: Global vectors for word representation},
	author={Pennington, Jeffrey and Socher, Richard and Manning, Christopher},
	booktitle={Proceedings of the 2014 conference on empirical methods in natural language processing (EMNLP)},
	pages={1532--1543},
	year={2014}
}
@article{gers1999learning,
	title={Learning to forget: Continual prediction with LSTM},
	author={Gers, Felix A and Schmidhuber, J{\"u}rgen and Cummins, Fred},
	year={1999},
	publisher={IET}
}

@article{kaggleWikipedia,
	author= {Wikipedia},
	date = {03/02/2019},
	title = {Kaggle, https://en.wikipedia.org/wiki/Kaggle}
}
